@Article{zitat,
  author   = {Max Mustermann},
  title    = {Der Titel},
  doi      = {https://doi.org/10.1016/123456789},
  issn     = {1234-1234},
  number   = {1},
  pages    = {10-20},
  url      = {https://www.example.com/Beispiel},
  volume   = {1},
  journaltitle  = {Das Journal},
  keywords = {Viele, Stichw√∂rter},
  year     = {1900},
}

@Comment{jabref-meta: databaseType:biblatex;}